<?xml version="1.0" encoding="UTF-8"?><collection xmlns="http://www.loc.gov/MARC21/slim"><record><leader>00519nam--2200193-u-4500</leader><controlfield tag="001">000052883</controlfield><controlfield tag="002">20161230</controlfield><controlfield tag="005">20161230201050</controlfield><controlfield tag="008">101125s1000------------r-----000-0-rus-d</controlfield><datafield ind1=" " ind2=" " tag="040"><subfield code="a">IFIN-HH</subfield></datafield><datafield ind1=" " ind2=" " tag="041"><subfield code="a">rus</subfield></datafield><datafield ind1=" " ind2=" " tag="080"><subfield code="a">535.14</subfield></datafield><datafield ind1="1" ind2=" " tag="100"><subfield code="a">Bikov, V.P</subfield></datafield><datafield ind1="1" ind2="0" tag="245"><subfield code="a">Izlucenie atomov</subfield><subfield code="b">Vblizi materialnih tel. nekotorie voprosi kvantovoi teorii</subfield><subfield code="c">V.p. bikov; g.b. shchepelov</subfield></datafield><datafield ind1=" " ind2=" " tag="260"><subfield code="a">Moskva</subfield><subfield code="b">Nauka</subfield><subfield code="c">1986</subfield></datafield><datafield ind1=" " ind2=" " tag="300"><subfield code="a">161P</subfield></datafield><datafield ind1="1" ind2=" " tag="700"><subfield code="a">Shchepelov, G.B</subfield></datafield><datafield ind1=" " ind2=" " tag="852"><subfield code="a">73659</subfield><subfield code="c">535</subfield></datafield><datafield ind1=" " ind2=" " tag="CAT"><subfield code="a">Sys</subfield><subfield code="c">20101125</subfield><subfield code="h">152456</subfield></datafield></record></collection>